<collection xmlns="http://www.loc.gov/MARC21/slim">
<record>
  <leader>01478nam0a2200277 i 450 </leader>
  <controlfield tag="001">IT\ICCU\CNCE\008648</controlfield>
  <controlfield tag="005">20131211000000.0</controlfield>
  <datafield tag="012" ind1=" " ind2=" ">
    <subfield code="a">*.S. a.i- neca erme (3) 1587 (R)</subfield>
    <subfield code="2">fei</subfield>
  </datafield>
  <datafield tag="100" ind1=" " ind2=" ">
    <subfield code="a">19970101d1587        0itac0103    ba</subfield>
  </datafield>
  <datafield tag="101" ind1=" " ind2=" ">
    <subfield code="a">LAT</subfield>
  </datafield>
  <datafield tag="102" ind1=" " ind2=" ">
    <subfield code="a">IT</subfield>
  </datafield>
  <datafield tag="200" ind1="1" ind2=" ">
    <subfield code="a">Psalterium monasticum. Secundum Ordinem Camaldulensium. Nouiter impressum. Atque a multis erroribus expurgatum</subfield>
  </datafield>
  <datafield tag="210" ind1=" " ind2=" ">
    <subfield code="a">\Camaldoli!</subfield>
    <subfield code="c">apud sacram Camaldulensem eremum. In monasterio Fontis Boni</subfield>
    <subfield code="d">1587</subfield>
    <subfield code="e">\Camaldoli!</subfield>
    <subfield code="g">ex typographya sac. erem. Camald.</subfield>
    <subfield code="h">1593</subfield>
  </datafield>
  <datafield tag="215" ind1=" " ind2=" ">
    <subfield code="a">\2!, 134, \2! c.</subfield>
    <subfield code="c">ill.</subfield>
    <subfield code="d">fol</subfield>
  </datafield>
  <datafield tag="620" ind1=" " ind2=" ">
    <subfield code="a">IT</subfield>
    <subfield code="d">Camaldoli</subfield>
  </datafield>
  <datafield tag="710" ind1="0" ind2="2">
    <subfield code="a">Camaldolesi</subfield>
    <subfield code="3">IT\ICCU\CNCT\002423</subfield>
  </datafield>
  <datafield tag="712" ind1="0" ind2="2">
    <subfield code="a">Tipografia dell&apos;Eremo di Camaldoli</subfield>
    <subfield code="3">IT\ICCU\CNCT\001273</subfield>
    <subfield code="4">650</subfield>
  </datafield>
  <datafield tag="791" ind1="0" ind2="2">
    <subfield code="a">Ordo monachorum eremitarum Camaldulensium</subfield>
    <subfield code="3">IT\ICCU\CNCT\002425</subfield>
    <subfield code="z">Camaldolesi</subfield>
  </datafield>
  <datafield tag="791" ind1="0" ind2="2">
    <subfield code="a">Congregatio  Camaldulensis</subfield>
    <subfield code="3">15449</subfield>
    <subfield code="z">Camaldolesi</subfield>
  </datafield>
  <datafield tag="791" ind1="0" ind2="2">
    <subfield code="a">Congregatio S. Michaelis de Muriano</subfield>
    <subfield code="3">15450</subfield>
    <subfield code="z">Camaldolesi</subfield>
  </datafield>
  <datafield tag="791" ind1="0" ind2="2">
    <subfield code="a">Typographia sacrae eremi Camaldulensis</subfield>
    <subfield code="3">IT\ICCU\CNCT\004123</subfield>
    <subfield code="z">Tipografia dell&apos;Eremo di Camaldoli</subfield>
  </datafield>
  <datafield tag="791" ind1="0" ind2="2">
    <subfield code="a">℗In ℗Monasterio Fontis Boni Camaldulensium eremitarum</subfield>
    <subfield code="3">IT\ICCU\CNCT\004201</subfield>
    <subfield code="z">Tipografia dell&apos;Eremo di Camaldoli</subfield>
  </datafield>
  <datafield tag="791" ind1="0" ind2="2">
    <subfield code="a">Eremus in monasterio Fontis Boni</subfield>
    <subfield code="3">IT\ICCU\CNCT\004202</subfield>
    <subfield code="z">Tipografia dell&apos;Eremo di Camaldoli</subfield>
  </datafield>
  <datafield tag="801" ind1=" " ind2="3">
    <subfield code="a">IT</subfield>
    <subfield code="b">ICCU</subfield>
    <subfield code="c">20201113</subfield>
  </datafield>
  <datafield tag="899" ind1=" " ind2=" ">
    <subfield code="a">Biblioteca dell&apos;Abbazia di Vallombrosa. Reggello</subfield>
    <subfield code="z">MUTILO</subfield>
    <subfield code="1">FI0167</subfield>
    <subfield code="2">RT1 BC</subfield>
  </datafield>
  <datafield tag="899" ind1=" " ind2=" ">
    <subfield code="a">Biblioteca nazionale Braidense. Milano</subfield>
    <subfield code="1">MI0185</subfield>
    <subfield code="2">MIL NB</subfield>
  </datafield>
</record>
</collection>
